@article{haverals:2019,
  author =       {Wouter Haverals and Folgert Karsdorp and Mike Kestemont},
  title =        {Data-driven Syllabification for Middle Dutch},
  year =         2019,
  journal =      {Digital Medievalist},
}

@article{karsdorp:2010,
  author =       {Folgert Karsdorp and Barend Beekhuizen},
  title =        {Regelmaat in een regelloos systeem. De Nederlandse superlatief},
  journal =      {Voortgang, jaarboek van de Neerlandistiek},
  year =         2010,
  pages =        {29--50}
}

@inproceedings{karsdorp:2012a,
  title =        {In search of an appropriate abstraction level for motif annotations},
  author =       {Folgert Karsdorp and Peter van Kranenburg and Theo Meder and Dolf
                  Trieschnigg and Antal van den Bosch},
  booktitle =    {Proceedings of the 2012 Computational Models of Narrative Workshop},
  pages =        {22--26},
  address =      {Turkey, Istanbul},
  editor =       {Mark Finlayson},
  year =         2012,
  url =          {https://pure.knaw.nl/portal/files/467034/CMN.2012.karsdorp.pdf}
}

@article{karsdorp:2012a,
  author =       {Folgert Karsdorp and Matthias Hüning},
  title =        {De relatie tussen schema’s en analogische verbindingen},
  year =         2012,
  journal =      {Nederlandse Taalkunde},
  volume =       17,
  issue =        2,
  pages =        {261--267},
  url =          {http://neon.niederlandistik.fu-berlin.de/static/mh/Karsdorp_Huening_2012.pdf}
}

@Inproceedings{karsdorp:2012b,
  author =       {Folgert Karsdorp and Peter van Kranenburg and Theo Meder and Antal van
                  den Bosch},
  title =        {Casting a Spell: Indentification and Ranking of Actors in Folktales},
  editor =       {Mambrini, F and Passarotti, M and Sporleder, C},
  booktitle =    {Proceedings of the Second Workshop on Annotation of Corpora for Research
                  in het Humanities (ACRH-2)},
  year =         2012,
  url =          {https://pure.knaw.nl/portal/files/481270/karsdorp_et_al2012b.pdf},
  pages =        {39--50}
}

@article{karsdorp:2013a,
  author =       {Karsdorp, Folgert},
  title =        {{Het is groen en leeft nog lang en gelukkig. Classificatie van
                  volksverhaalgenres op basis van formules}},
  journal =      {Tijdschrift voor Nederlands Taal- en Letterkunde},
  year =         2013,
  volume =       129,
  number =       4,
  pages =        {274--288},
  url =          {https://pure.knaw.nl/portal/files/2546821/309_449_1_PB.pdf}
}

@InProceedings{karsdorp:2013b,
  author =       {Folgert Karsdorp and Antal van den Bosch},
  title =        {Identifying motifs in folktales using topic models},
  booktitle =    {Proceedings of BENELEARN 2013},
  pages =        {41--49},
  year =         2013,
  address =      {Nijmegen, The Netherlands},
  url =          {https://pure.knaw.nl/portal/files/458984/Karsdorp_VdBosch.pdf}
}

@InProceedings{karsdorp:2015a,
  author =       {Folgert Karsdorp and Marten van der Meulen and Theo Meder and Antal van
                  den Bosch},
  title =        {Animacy Detection in Stories},
  booktitle =    {6th Workshop on Computational Models of Narrative (CMN 2015)},
  pages =        {82--97},
  series =       {OpenAccess Series in Informatics (OASIcs)},
  year =         2015,
  volume =       45,
  editor =       {Mark A. Finlayson and Ben Miller and Antonio Lieto and Remi Ronfard},
  publisher =    {Schloss Dagstuhl--Leibniz-Zentrum fuer Informatik},
  address =      {Dagstuhl, Germany},
  url =          {http://dx.doi.org/10.4230/OASIcs.CMN.2015.82},
}

@article{karsdorp:2015b,
  author =       {Folgert Karsdorp and Marten van der Meulen and Theo Meder and Antal van
                  den Bosch},
  title =        {MOMFER: A Search Engine of Thompson's Motif-Index of Folk Literature},
  journal =      {Folklore},
  volume =       126,
  number =       1,
  pages =        {37-52},
  year =         2015,
  doi =          {10.1080/0015587X.2015.1006954},
  url =          {http://dx.doi.org/10.1080/0015587X.2015.1006954}
}

@InProceedings{karsdorp:2015c,
  author =       {Folgert Karsdorp and Mike Kestemont and Christof Schöch and Antal
                  van den Bosch},
  title =        {{The Love Equation: Computational Modeling of Romantic Relationships in
                  French Classical Drama}},
  booktitle =    {6th Workshop on Computational Models of Narrative (CMN 2015)},
  pages =        {98--107},
  series =       {OpenAccess Series in Informatics (OASIcs)},
  ISBN =         {978-3-939897-93-4},
  ISSN =         {2190-6807},
  year =         {2015},
  volume =       {45},
  editor =       {Mark A. Finlayson and Ben Miller and Antonio Lieto and Remi Ronfard},
  publisher =    {Schloss Dagstuhl--Leibniz-Zentrum fuer Informatik},
  address =      {Dagstuhl, Germany},
  URL =          {http://drops.dagstuhl.de/opus/volltexte/2015/5283},
  URN =          {urn:nbn:de:0030-drops-52838},
  doi =          {10.4230/OASIcs.CMN.2015.98},
  annote =       {Keywords: French drama, social relations, neural network, representation
                  learning}
}

@article{karsdorp:2016a,
  author =       {Folgert Karsdorp and Antal van den Bosch},
  year =         2016,
  title =        {The Structure and Evolution of Story Networks},
  journal =      {Royal Society Open Science},
  volume =       3,
  pages =        160071,
  url =          {http://dx.doi.org/10.1098/rsos.160071}
}

@article{karsdorp:2017a,
  author =       {Folgert Karsdorp and Enrique Manjavacas and Ben Burtenshaw and Mike Kestemont},
  title =        {Synthetische literatuur: neurale netwerken als coauteur},
  year =         2017,
  journal =      {DIXIT: tijdschrift over taal- en spraaktechnologie},
  volume =       14,
  pages =        {17--18},
  url =          {https://notas.nl/dixit/dixit_2017_ai.pdf}
}

@article{karsdorp:2019a,
  author =       {Folgert Karsdorp and Lauren Fonteyn},
  title =        {Cultural Entrenchment of Folktales is Encoded in Language},
  year =         2019,
  journal =      {Palgrave Communications},
  volume =       {5},
  doi =          {10.1057/s41599-019-0234-9},
  url =          {https://www.nature.com/articles/s41599-019-0234-9},
  code =         {https://github.com/fbkarsdorp/big-bad-wolf}
}

@inproceedings{kestemont:2014,
  author =       {Mike Kestemont and Folgert Karsdorp and Marten Düring},
  title =        {Mining the Twentieth Century's History of from the Time Magazine Corpus},
  booktitle =    {Proceedings of the 8th Workshop on Language Technology for Cultural
                  Heritage, Social Sciences, and Humanities (LaTeCH), E-ACL},
  year =         2014,
  address =      {Sweden},
  pages =        {62--70},
  url =          {https://pure.knaw.nl/portal/files/1071098/Karsdorp_2014_ACL.pdf}
}

@article{kestemont:2016,
  title =        {Authenticating the writings of Julius Caesar},
  author =       {Mike Kestemont and Justin Stover and Moshe Koppel and Folgert Karsdorp
                  and Walter Daelemans},
  journal =      {Expert Systems with Applications},
  volume =       63,
  pages =        {86--96},
  year =         2016,
  publisher =    {Elsevier},
  url =          {http://dx.doi.org/10.1016/j.eswa.2016.06.029}
}

@inproceedings{manjavacas:2017,
  title =        {Synthetic literature: Writing science fiction in a co-creative process},
  author =       {Enrique Manjavacas and Folgert Karsdorp and Ben Burtenshaw and Mike
                  Kestemont},
  booktitle =    {Proceedings of the Workshop on Computational Creativity in Natural
                  Language Generation (CC-NLG 2017)},
  pages =        {29--37},
  year =         2017,
  url =          {http://aclweb.org/anthology/W17-3904}
}

@article{meder:2016,
  author =       {Theo Meder and Folgert Karsdorp and Dong Nguyen and Mariët Theune and
                  Dolf Trieschnigg and Iwe Muiser},
  title =        {Automatic Enrichment and Classification of Folktales in the Dutch
                  Folktale Database},
  year =         2016,
  journal =      {Journal of American Folklore},
  volume =       129,
  issue =        511,
  pages =        {78--96},
  url =          {https://pure.knaw.nl/portal/files/2337691/JAF_VVB.pdf}
}

@inproceedings{vankranenburg:2014,
  title =        {Cadence Detection in Western Traditional Stanzaic Songs using Melodic
                  and Textual Features},
  author =       {Peter van Kranenburg and Folgert Karsdorp},
  booktitle =    {15th International Society for Music Information Retrieval Conference
                  (ISMIR 2014)},
  pages =        {391--396},
  url =          {https://pure.knaw.nl/portal/files/943009/Kranenburg_2014_ismir.pdf},
  year =         2014
}
